<?xml version="1.0" encoding="UTF-8"?><collection xmlns="http://www.loc.gov/MARC21/slim"><record><leader>00609nam--2200181-u-4500</leader><controlfield tag="001">000054403</controlfield><controlfield tag="002">20161230</controlfield><controlfield tag="005">20161230201051</controlfield><controlfield tag="008">111207s1000------------r-----000-0-eng-d</controlfield><datafield ind1=" " ind2=" " tag="020"><subfield code="a">0306401487</subfield></datafield><datafield ind1=" " ind2=" " tag="040"><subfield code="a">IFIN-HH</subfield></datafield><datafield ind1=" " ind2=" " tag="080"><subfield code="a">539.126.34</subfield></datafield><datafield ind1="1" ind2=" " tag="100"><subfield code="a">Stoler, Paul</subfield></datafield><datafield ind1="1" ind2="0" tag="245"><subfield code="a">Photoion nuclear physics</subfield><subfield code="b">Based on lecture presented at the international symposium on photopion nuclear physics at rensselaer polytechnic institute, troy, new york, august 10-12,1978</subfield><subfield code="c">Paul stoler (ed.)</subfield></datafield><datafield ind1=" " ind2=" " tag="260"><subfield code="a">New York</subfield><subfield code="b">Plenum Press</subfield><subfield code="c">1979</subfield></datafield><datafield ind1=" " ind2=" " tag="300"><subfield code="a">436P</subfield></datafield><datafield ind1=" " ind2=" " tag="852"><subfield code="a">48262</subfield><subfield code="c">539.12</subfield></datafield><datafield ind1=" " ind2=" " tag="CAT"><subfield code="a">Sys</subfield><subfield code="c">20111207</subfield><subfield code="h">113719</subfield></datafield></record></collection>